@ARTICLE{RAN,
  author={Platt, John},
  journal={Neural Computation}, 
  title={A Resource-Allocating Network for Function Interpolation}, 
  year={1991},
  volume={3},
  number={2},
  pages={213-225},
  doi={10.1162/neco.1991.3.2.213}}

@misc{li2017learning,
      title={Learning to Optimize Neural Nets}, 
      author={Ke Li and Jitendra Malik},
      year={2017},
      eprint={1703.00441},
      archivePrefix={arXiv},
      primaryClass={cs.LG}
}